@misc{Charles2013,
  author = {Charles, P.W.D.},
  title = {Project Title},
  year = {2013},
  publisher = {GitHub},
  journal = {GitHub repository},
  howpublished = {\url{https://github.com/charlespwd/project-title}},
  commit = {4f57d6a0e4c030202a07a60bc1bb1ed1544bf679}
}

@article{hu2013guide,
  title={Guide to attribute based access control (ABAC) definition and considerations (draft)},
  author={Hu, Vincent C and Ferraiolo, David and Kuhn, Rick and Friedman, Arthur R and Lang, Alan J and Cogdell, Margaret M and Schnitzer, Adam and Sandlin, Kenneth and Miller, Robert and Scarfone, Karen and others},
  journal={NIST special publication},
  volume={800},
  number={162},
  year={2013}
	url		  = "http://nvlpubs.nist.gov/nistpubs/specialpublications/NIST.SP.800-162.pdf",
	note	  = "Ultima visita Aug. 2017"
}

@misc{standard2005extensible,
  title={extensible access control markup language (xacml) version 2.0},
  author={Standard, OASIS},
  journal={2008. http://docs. oasis—open. or\~{}/xacmmL2. 0/access\_ control-xacml-2. 0 一 core{\textperiodcentered} spec—OS. pa1},
  year={2005}
}

@misc{standard2009trusted,
  title={ISO/IEC 11889-1:2009 Information technology -- Trusted Platform Module},
  author={ISO/IEC},
  journal={2009. https://www.iso.org/standard/50970.html},
  year={2009}
}

@misc{Lynn2013,
  author = {Lynn, Ben},
  title = {PBC Library. The Pairing-Based Cryptography Library},
  year = {2013},
  howpublished = {\url{https://crypto.stanford.edu/pbc/}}
}

@misc{ducas2016,
  author = {Ducas, L{\'e}o and Lyubashevsky, Vadim and Prest, Thomas},
  title = {Identity-Based Encryption over NTRU Lattices},
  year = {2016},
  publisher = {GitHub},
  journal = {GitHub repository},
  howpublished = {\url{https://github.com/tprest/Lattice-IBE}}
}

@techreport{boyen2007identity,
  title={Identity-based cryptography standard (IBCS)\# 1: Supersingular curve implementations of the BF and BB1 cryptosystems},
  author={Boyen, Xavier and Martin, Luther},
  year={2007},
  url={http://www.rfc-editor.org/rfc/rfc5091.txt}
}

@inproceedings{sahai2005fuzzy,
  title={Fuzzy identity-based encryption.},
  author={Sahai, Amit and Waters, Brent and others},
  booktitle={Eurocrypt},
  volume={3494},
  pages={457--473},
  year={2005},
  organization={Springer}
	url		  = "https://www.iacr.org/archive/eurocrypt2005/34940457/34940457.pdf",
	note	  = "Ultima visita Aug. 2017"
}

@inproceedings{mont2003towards,
  title={Towards accountable management of identity and privacy: Sticky policies and enforceable tracing services},
  author={Mont, Marco Casassa and Pearson, Siani and Bramhall, Pete},
  booktitle={Database and Expert Systems Applications, 2003. Proceedings. 14th International Workshop on},
  pages={377--382},
  year={2003},
  organization={IEEE},
  url		  = "http://www.hpl.hp.com/techreports/2003/HPL-2003-49.pdf?jumpid=reg_R1002_USEN",
	note	  = "Ultima visita Aug. 2017"
}

@article{shamir1979share,
  title={How to share a secret},
  author={Shamir, Adi},
  journal={Communications of the ACM},
  volume={22},
  number={11},
  pages={612--613},
  year={1979},
  publisher={ACm}
}

@inproceedings{shamir1984identity,
  title={Identity-based cryptosystems and signature schemes.},
  author={Shamir, Adi and others},
  booktitle={Crypto},
  volume={84},
  pages={47--53},
  year={1984},
  organization={Springer}
  url		  = "http://www.cs.nccu.edu.tw/~raylin/MasterCourse/SelectedTopicsIS/Spring2009/ID-basedCryptoSystem.pdf",
	note	  = "Ultima visita Aug. 2017"
}

@inproceedings{karjoth2002platform,
  title={Platform for enterprise privacy practices: Privacy-enabled management of customer data},
  author={Karjoth, G{\"u}nter and Schunter, Matthias and Waidner, Michael},
  booktitle={International Workshop on Privacy Enhancing Technologies},
  pages={69--84},
  year={2002},
  organization={Springer}
  url		  = "http://semper.schunter.org/sirene/publ/KaSW1_02.EP3P4PET.pdf",
  note	  = "Ultima visita Aug. 2017"
}

@article{pearson2011sticky,
  title={Sticky policies: an approach for managing privacy across multiple parties},
  author={Pearson, Siani and Casassa-Mont, Marco},
  journal={Computer},
  volume={44},
  number={9},
  pages={60--68},
  year={2011},
  publisher={IEEE}
  url		  = "https://documents.epfl.ch/users/a/ay/ayday/www/mini_project/Sticky%20Policies.pdf",
  note	  = "Ultima visita Aug. 2017"
}

@inproceedings{bethencourt2007ciphertext,
  title={Ciphertext-policy attribute-based encryption},
  author={Bethencourt, John and Sahai, Amit and Waters, Brent},
  booktitle={Security and Privacy, 2007. SP'07. IEEE Symposium on},
  pages={321--334},
  year={2007},
  organization={IEEE}
}

@inproceedings{green2007identity,
  title={Identity-based proxy re-encryption},
  author={Green, Matthew and Ateniese, Giuseppe},
  booktitle={Applied Cryptography and Network Security},
  pages={288--306},
  year={2007},
  organization={Springer}
}


@article{tang2008using,
  title={On using encryption techniques to enhance sticky policies enforcement},
  author={Tang, Qiang},
  year={2008},
  publisher={Centre for Telematics and Information Technology University of Twente}
  url		  = "http://eprints.eemcs.utwente.nl/14262/01/On_Using_Encryption_Techniques_to_Enhance_Sticky_Policies_Enforcement.pdf",
  note	  = "Ultima visita Aug. 2017"
}


@online{IBEimplVoltage,
	title     = "HPE Identity-Based Encryption",
	url       = "https://www.voltage.com/technology/data-encryption/identity-based-encryption/",
	note	  = "Ultima visita Ago. 2017"
}

@masterthesis{mastersonjaheikkil,
	author ="Sonja Heikkil{\"a}",
	title = "Mobility as a Service – A Proposal for Action for the Public Administration - Case Helsinki",
	school = "Aalto University, School of Engineering",
	year = "2014",
	url = "https://aaltodoc.aalto.fi/bitstream/handle/123456789/13133/master_Heikkil%C3%A4_Sonja_2014.pdf?sequence=1"
}

@unpublished{MLNT,
	author ="Nicola Ferroni",
	title = "Un sistema di previsione degli itinerari per applicazioni di smart mobility",
	school = "Università di Bologna - Dipartimenti di Informatica, Scienza e Igegneria",
	year = "2016",
}
